<record><leader>00000cas a2200000 a 4500</leader><controlfield tag="001">13510577</controlfield><controlfield tag="008">860430d18551857ohuwr ne      0    0eng c</controlfield><datafield ind1=" " ind2=" " tag="010"><subfield code="a">sn 86063807 </subfield></datafield><datafield ind1=" " ind2=" " tag="040"><subfield code="a">KSH</subfield><subfield code="b">eng</subfield><subfield code="c">KSH</subfield><subfield code="d">NPT</subfield><subfield code="d">NPX</subfield><subfield code="d">ONP</subfield><subfield code="d">OCL</subfield><subfield code="d">NYS</subfield><subfield code="d">OCLCQ</subfield><subfield code="d">DLC</subfield><subfield code="d">CUI</subfield><subfield code="d">OCLCQ</subfield><subfield code="d">OCLCF</subfield></datafield><datafield ind1="1" ind2=" " tag="029"><subfield code="a">AU@</subfield><subfield code="b">000020236165</subfield></datafield><datafield ind1=" " ind2=" " tag="042"><subfield code="a">pcc</subfield></datafield><datafield ind1=" " ind2=" " tag="043"><subfield code="a">n-us-oh</subfield></datafield><datafield ind1=" " ind2="4" tag="050"><subfield code="a">AN</subfield></datafield><datafield ind1="0" ind2=" " tag="130"><subfield code="a">American Republican (Germantown, Ohio)</subfield></datafield><datafield ind1="1" ind2="0" tag="245"><subfield code="a">American Republican.</subfield></datafield><datafield ind1=" " ind2=" " tag="260"><subfield code="a">Germantown, Ohio :</subfield><subfield code="b">Sol. Miller,</subfield><subfield code="c">1855-1857.</subfield></datafield><datafield ind1=" " ind2=" " tag="300"><subfield code="a">v.</subfield></datafield><datafield ind1=" " ind2=" " tag="310"><subfield code="a">Weekly</subfield></datafield><datafield ind1="0" ind2=" " tag="362"><subfield code="a">Vol. 1, no. 1 (Sept. 13, 1855)-v. 2, no. 22 (Feb. 12, 1857).</subfield></datafield><datafield ind1=" " ind2="0" tag="651"><subfield code="a">Germantown (Ohio)</subfield><subfield code="v">Newspapers.</subfield></datafield><datafield ind1=" " ind2="0" tag="651"><subfield code="a">Montgomery County (Ohio)</subfield><subfield code="v">Newspapers.</subfield></datafield><datafield ind1=" " ind2="7" tag="655"><subfield code="a">Newspapers.</subfield><subfield code="2">fast</subfield><subfield code="0">(OCoLC)fst01423814</subfield></datafield><datafield ind1=" " ind2="7" tag="651"><subfield code="a">Ohio</subfield><subfield code="z">Germantown.</subfield><subfield code="2">fast</subfield><subfield code="0">(OCoLC)fst01208765</subfield></datafield><datafield ind1=" " ind2="7" tag="651"><subfield code="a">Ohio</subfield><subfield code="z">Montgomery County.</subfield><subfield code="2">fast</subfield><subfield code="0">(OCoLC)fst01211918</subfield></datafield><datafield ind1=" " ind2=" " tag="752"><subfield code="a">United States</subfield><subfield code="b">Ohio</subfield><subfield code="c">Montgomery</subfield><subfield code="d">Germantown.</subfield></datafield><datafield ind1="0" ind2="0" tag="780"><subfield code="t">Twin Valley locomotive</subfield><subfield code="w">(DLC)sn 86063809</subfield><subfield code="w">(OCoLC)13510524</subfield></datafield><datafield ind1="0" ind2="0" tag="785"><subfield code="t">White Cloud Kansas chief</subfield><subfield code="x">2158-2599</subfield><subfield code="w">(DLC)sn 82015486</subfield><subfield code="w">(OCoLC)8817589</subfield></datafield></record>